@inproceedings{tachibana2003audio,
  title={Audio watermarking for live performance},
  author={Tachibana, Ryuki},
  booktitle={Electronic Imaging 2003},
  pages={32--43},
  year={2003},
  organization={International Society for Optics and Photonics}
}

@article{shannon1949communication,
  title={Communication in the presence of noise},
  author={Shannon, Claude Elwood},
  journal={Proceedings of the IRE},
  volume={37},
  number={1},
  pages={10--21},
  year={1949},
  publisher={IEEE}
}

@incollection{matsuoka2008acoustic,
  title={Acoustic OFDM: Embedding high bit-rate data in audio},
  author={Matsuoka, Hosei and Nakashima, Yusuke and Yoshimura, Takeshi and Kawahara, Toshiro},
  booktitle={Advances in Multimedia Modeling},
  pages={498--507},
  year={2008},
  publisher={Springer}
}

@article{:/content/asa/journal/jasa/86/4/10.1121/1.398698,
   author = "Stelmachowicz, Patricia G. and Beauchaine, Kathryn A. and Kalberer, Ann and Jesteadt, Walt",
   title = "Normative thresholds in the 8‐ to 20‐kHz range as a function of age",
   journal = "The Journal of the Acoustical Society of America",
   year = "1989",
   volume = "86",
   number = "4", 
   eid = ,
   pages = "1384-1391",
   url = "http://scitation.aip.org/content/asa/journal/jasa/86/4/10.1121/1.398698",
   doi = "http://dx.doi.org/10.1121/1.398698" 
}

@article{ashihara2006hearing,
  title={Hearing threshold for pure tones above 20 kHz},
  author={Ashihara, Kaoru and Kurakata, Kenji and Mizunami, Tazu and Matsushita, Kazuma},
  journal={Acoustical science and technology},
  volume={27},
  number={1},
  pages={12--19},
  year={2006},
  publisher={J-STAGE}
}
